@article{contreras2016investigacion,
  title="Investigaci{\'o}n-acci{\'o}n como metodolog{\'\i}a para el dise{\~n}o de un serious game",
  author="Contreras-Espinosa, Ruth S and Eguia-G{\'o}mez, Jos{\'e} Luis and Solano Albajes, Lluis",
  journal="RIED. Revista Iberoamericana de Educaci{\'o}n a Distancia",
  volume="19",
  number="2",
  year="2016",
  publisher="Asociaci{\'o}n Iberoamericana de Educaci{\'o}n Superior a Distancia"
}

@article{romero2015serious,
	title="Serious Games para el desarrollo de las competencias del siglo XXI",
	author="Romero, Margarida and Gebera, Osbaldo Turpo",
	journal="Revista de educaci{\'o}n a distancia",
	number="34",
	year="2015"
}

@online{newzoo2018,
	author = "Newzoo",
	title  = "Mobile Revenues Account 2018",
	month  = "apr",
	year   = "2018",
	url    = "https://newzoo.com/insights/articles/global-games-market-reaches-137-9-billion-in-2018-mobile-games-take-half/"
}

@article{castellana2007adolescente,
	title="El adolescente ante las tecnolog{\'\i}as de la informaci{\'o}n y la comunicaci{\'o}n: Internet, m{\'o}vil y videojuegos",
	author="Castellana Rosell, Montserrat and S{\'a}nchez-Carbonell, Xavier and Graner Jordana, Carla and Beranuy Fargues, Marta",
	journal="Papeles del psic{\'o}logo",
	volume="28",
	number="3",
	year="2007",
	publisher="Consejo General de Colegios Oficiales de Psic{\'o}logos"
}

@article{ignasidebofarull2005,
	author  = "Ignasi de Bofarull",
	title   = "Ocio en los nuevos medios de comunicacion",
	journal = "Revista de Estudios de Juventud. Jovenes y medios de comunicacion",
	year    = "2005",
	number  = "68",
	month   = "mar"
}

@online{velneo2015,
	author = "Velneo",
	title  = "Como vender software: modelos de negocio",
	month  = "mar",
	year   = "2015",
	url    = "https://velneo.es/como-vender-software-modelos-de-negocio/"
}

 
@online{fundacionuade2014,
	author = "Fundación UADE",
	title  = "Tipos de modelos de negocios en los videojuegos",
	month  = "aug",
	year   = "2014",
	url    = "https://uadedigital.files.wordpress.com/2014/08/gamificacion2.pdf"
}

 
@online{centrodepsicologiabilbaos.l.p.,
	author = "Centro de Psicologia Bilbao S.L.P.",
	title  = "Adicción a los videojuegos",
	url    = "https://www.centro-psicologia.com/es/adiccion-videojuegos.html"
}

@mastersthesis{montero2014ocios,
	title="Los ocios de los adolescentes y la adicci{\'o}n al videojuego Usos de los tiempos libres de 26 adolescentes de 14 a 16 a{\~n}os de edad del barrio de Carcel{\'e}n",
	author="Montero Palacios, Ver{\'o}nica Elizabeth",
	year="2014"
}

@article{quinteroscaracteristicas,
	title="Caracter{\i}sticas del perfil multif{\'a}sico de la personalidad de los jugadores de videojuegos",
	author="Quinteros, Gabriela Salas"
}

@online{pilarjimenez2015,
	author = "Pilar Jimenez",
	title  = "Cinco razones para aprender jugando",
	year   = "2015",
	url    = "https://aprendiendomatematicas.com/cinco-razones-para-aprender-jugando/"
}

@conference{jorgepereragonzalez2016,
	author       = "Jorge Perera Gonzalez",
	title        = "Aprender jugando",
	booktitle    = "Conferencia del IB en las Americas",
	year         = "2016",
	address      = "Toronto",
	month        = "jul",
	organization = "Bachillerato Internacional",
	note         = "https://www.ibo.org/contentassets/8093a6433860448498edc35f140fb726/9am---aprender-jugando.pdf"
}

@online{orientacionujar2015,
	author = "Orientacion andújar",
	title  = "Caracteristicas principales y ejes de analisis de las distintas teorías del aprendizaje.",
	month  = "dec",
	year   = "2015",
	url    = "https://www.orientacionandujar.es/wp-content/uploads/2015/12/Caracter%C3%ADsticas-principales-y-ejes-de-an%C3%A1lisis-de-las-distintas-teor%C3%ADas-del-aprendizaje.pdf"
}

@online{marques2012,
	author = "Marques",
	title  = "Serious Games para el desarrollo de las competencias del siglo XXI",
	year   = "2012",
	url    = "http://www.redalyc.org/pdf/547/54724753002.pdf"
}

@MISC {injuveespana2005,
	author       = "INJUVE España",
	title        = "Revista de Estudios de Juventud. Nº 68. Jóvenes y medios de comunicación",
	howpublished = "online",
	month        = "mar",
	year         = "2005",
	crossref     = "https://issuu.com/injuve/docs/revista68_completa_issu/71"
}

@ONLINE {inegi2017,
	author = "INEGI",
	title  = "Módulo sobre Eventos Culturales seleccionados MODECULT",
	month  = "may",
	year   = "2017",
	url    = "http://internet.contenidos.inegi.org.mx/contenidos/productos/prod_serv/contenidos/espanol/bvinegi/productos/nueva_estruc/promo/resultados_modecult_may2017.pdf"
}

@BOOK {guillermobonfilbatalla1987,
	author    = "Guillermo Bonfil Batalla",
	title     = "México profundo",
	publisher = "delbolsillo",
	year      = "1987"
}