@book{Ref:CarCascada,
    author    = "Carlos Blé Jurados",
    title     = "Diseño Ágil con TDD.",
    year      = "2010",
    publisher = "SafeCreative",
    address   = "España"
} 

@online{Ref:MutorGraf,
    author    = {Jeff Ward},
    title     = {What is a Game Engine?},
    url       = {https://www.gamecareerguide.com/features/529/what_is_a_game_.php},
    keywords  = {GameEngine}
}

@book{Ref:CarCascada,
    author    = "David Vallejos Fernández, Cleton Martín Angelina",
    title     = "Desarrollo de videojuegos: Arquitectura del motor.",
    year      = "2012",
    publisher = "Universida de Castilla - La Mancha",
    address   = "España"
}

@online{Ref:SDK,
    author    = {Webopedia},
    title     = {SDK - software development kit},
    url       = {https://www.webopedia.com/TERM/S/SDK.html},
    keywords  = {SKD, software}
}

@online{Ref:middleware,
    author    = {Microsoft Azure},
    title     = {¿Qué es middleware?},
    url       = {https://azure.microsoft.com/es-mx/overview/what-is-middleware/},
    keywords  = {Middleware}
}

@online{Ref:Render,
    author    = {3dcadportal},
    title     = {Render-Rendering-Renderizado},
    url       = {http://www.3dcadportal.com/rendering.html},
    keywords  = {Gráficos, render}
}

@online{Ref:Unity,
    author    = {Unity},
    title     = {Requisitos del sistema para la Unity versión},
    url       = {https://unity3d.com/es/unity/system-requirements?_ga=2.28270718.372269580.1509904500-1621154898.1498793137},
    keywords  = {unity}
}

@online{Ref:Unreal,
    author    = {UnrealEngine},
    title     = {Hardware & Software Specifications},
    url       = {https://www.unrealengine.com/en-US/what-is-unreal-engine-4},
    keywords  = {unrealEngine}
}

@online{Ref:CryEngine,
    author    = {CryEngine},
    title     = {Características},
    url       = {https://www.cryengine.com/features},
    keywords  = {CryEngine}
}