@book{Ref:StoyBoard,
    author    = "Paul Wells",
    title     = "Fundamentos de la animación.",
    year      = "2007",
    publisher = "Parramón",
    address   = "España"
}
@online{Ref:EGS,
    author    = "Nación Pix",
    title     = "EGS 2016 – La actualidad del mercado de videojuegos en México",
    url       = "https://nacionpix.com/2016/10/04/egs-2016-mercado-de-videojuegos-en-mexico/",
    keywords  = "EGS, México"
}

@book{Ref:Heroe,
    author    = "Joseph Campbell",
    title     = "The Hero with a Thousand Faces",
    year      = "1949",
    publisher = "Bollingen Foundation Inc",
    address   = "EUA"
}